<?xml version = "1.0" encoding = "UTF-8"?><OAI-PMH xmlns="http://www.openarchives.org/OAI/2.0/" xmlns:xsi="http://www.w3.org/2001/XMLSchema-instance" xsi:schemaLocation="http://www.openarchives.org/OAI/2.0/ http://www.openarchives.org/OAI/2.0/OAI-PMH.xsd"><ListRecords><record><header><identifier>aleph-publish:018281475</identifier></header><metadata><record xmlns="http://www.ddb.de/professionell/mabxml/mabxml-1.xsd"><leader>00000nM2.01200024||||||h</leader><controlfield tag="LDR">00000nM2.01200024||||||h</controlfield><controlfield tag="FMT">MH</controlfield><datafield tag="001" ind1="-" ind2="1"><subfield code="a">HT016580347</subfield></datafield><datafield tag="002" ind1="a" ind2="1"><subfield code="a">20101110</subfield></datafield><datafield tag="025" ind1="o" ind2="1"><subfield code="a">1106968014</subfield></datafield><datafield tag="026" ind1="-" ind2="1"><subfield code="a">HBZHT016580347</subfield></datafield><controlfield tag="030">a|1uc||||||17</controlfield><datafield tag="036" ind1="a" ind2="1"><subfield code="a">JP</subfield></datafield><datafield tag="037" ind1="b" ind2="1"><subfield code="a">jpn</subfield></datafield><controlfield tag="050">a|||||||||||||</controlfield><controlfield tag="051">s|||||||</controlfield><datafield tag="070" ind1="-" ind2="1"><subfield code="a">61</subfield></datafield><datafield tag="070" ind1="a" ind2="1"><subfield code="a">NII</subfield></datafield><datafield tag="078" ind1="f" ind2="1"><subfield code="a">jap</subfield></datafield><datafield tag="080" ind1="-" ind2="1"><subfield code="a">60</subfield></datafield><datafield tag="100" ind1="-" ind2="1"><subfield code="p">Yoshimoto, Banana</subfield><subfield code="d">1964-</subfield><subfield code="9">(DE-588)118992260</subfield></datafield><datafield tag="A00" ind1="-" ind2="1"><subfield code="a">吉本, ばなな(1964-)</subfield><subfield code="6">Jpan</subfield></datafield><datafield tag="101" ind1="-" ind2="1"><subfield code="p">Yoshimoto Banana</subfield><subfield code="d">1964-</subfield></datafield><datafield tag="101" ind1="-" ind2="1"><subfield code="p">Yoshimoto, Mahoko</subfield><subfield code="d">1964-</subfield></datafield><datafield tag="101" ind1="-" ind2="1"><subfield code="p">Yoshimoto Mahoko</subfield><subfield code="d">1964-</subfield></datafield><datafield tag="101" ind1="-" ind2="1"><subfield code="U">Jpan</subfield><subfield code="p">よしもと, ばなな</subfield><subfield code="d">1964-</subfield></datafield><datafield tag="101" ind1="-" ind2="1"><subfield code="U">Jpan</subfield><subfield code="p">よしもとばなな</subfield><subfield code="d">1964-</subfield></datafield><datafield tag="101" ind1="-" ind2="1"><subfield code="U">Jpan</subfield><subfield code="p">吉本, 真秀子</subfield><subfield code="d">1964-</subfield></datafield><datafield tag="101" ind1="-" ind2="1"><subfield code="U">Jpan</subfield><subfield code="p">吉本真秀子</subfield><subfield code="d">1964-</subfield></datafield><datafield tag="101" ind1="-" ind2="1"><subfield code="U">Jpan</subfield><subfield code="p">吉本ばなな</subfield><subfield code="d">1964-</subfield></datafield><datafield tag="331" ind1="a" ind2="1"><subfield code="a">Sly</subfield></datafield><datafield tag="C31" ind1="a" ind2="1"><subfield code="a">スライ</subfield><subfield code="6">Jpan</subfield></datafield><datafield tag="341" ind1="a" ind2="1"><subfield code="a">Surai</subfield></datafield><datafield tag="359" ind1="-" ind2="1"><subfield code="a">Yoshimoto Banana</subfield></datafield><datafield tag="C59" ind1="-" ind2="1"><subfield code="a">吉本ばなな</subfield><subfield code="6">Jpan</subfield></datafield><datafield tag="403" ind1="-" ind2="1"><subfield code="a">Shohan</subfield></datafield><datafield tag="D03" ind1="-" ind2="1"><subfield code="a">初版</subfield><subfield code="6">Jpan</subfield></datafield><datafield tag="410" ind1="-" ind2="1"><subfield code="a">Tōkyō</subfield></datafield><datafield tag="D10" ind1="-" ind2="1"><subfield code="a">東京</subfield><subfield code="6">Jpan</subfield></datafield><datafield tag="412" ind1="-" ind2="1"><subfield code="a">Gentōsha</subfield></datafield><datafield tag="D12" ind1="-" ind2="1"><subfield code="a">幻冬舎</subfield><subfield code="6">Jpan</subfield></datafield><datafield tag="425" ind1="-" ind2="1"><subfield code="a">Heisei 11</subfield></datafield><datafield tag="425" ind1="a" ind2="1"><subfield code="a">1999</subfield></datafield><datafield tag="433" ind1="-" ind2="1"><subfield code="a">228 S., [4] Bl. : Ill</subfield></datafield><datafield tag="451" ind1="-" ind2="1"><subfield code="a">Gentōsha bunko ; Yo-2-5</subfield></datafield><datafield tag="D51" ind1="-" ind2="1"><subfield code="a">幻冬舎文庫 ;よ -2-5</subfield><subfield code="6">Jpan</subfield></datafield><datafield tag="453" ind1="-" ind2="1"><subfield code="a">HT015822529</subfield></datafield><datafield tag="455" ind1="-" ind2="1"><subfield code="a">Yo-2-5</subfield></datafield><datafield tag="D55" ind1="-" ind2="1"><subfield code="a">よ-2-5</subfield><subfield code="6">Jpan</subfield></datafield><datafield tag="456" ind1="-" ind2="1"><subfield code="a">Yo-2-5</subfield></datafield><datafield tag="461" ind1="-" ind2="1"><subfield code="a">Sekai no tabi ; 2</subfield></datafield><datafield tag="D61" ind1="-" ind2="1"><subfield code="a">世界の旅 ; 2</subfield><subfield code="6">Jpan</subfield></datafield><datafield tag="463" ind1="-" ind2="1"><subfield code="a">HT014217870</subfield></datafield><datafield tag="465" ind1="-" ind2="1"><subfield code="a">2</subfield></datafield><datafield tag="466" ind1="-" ind2="1"><subfield code="a">2</subfield></datafield><datafield tag="540" ind1="a" ind2="1"><subfield code="a">4-87728-721-3</subfield></datafield><controlfield tag="SYS">018281475</controlfield><datafield tag="088" ind1=" " ind2=" "><subfield code="a">61</subfield><subfield code="b">01</subfield><subfield code="c">oasl99990.y65</subfield><subfield code="e">Ausleihbestand</subfield></datafield></record></metadata></record></ListRecords></OAI-PMH>